@article{liu2016stein,
  title={Stein variational gradient descent: A general purpose bayesian inference algorithm},
  author={Liu, Qiang and Wang, Dilin},
  journal={Advances in neural information processing systems},
  volume={29},
  year={2016}
}

@inproceedings{liu2016kernelized,
  title={A kernelized Stein discrepancy for goodness-of-fit tests},
  author={Liu, Qiang and Lee, Jason and Jordan, Michael},
  booktitle={International conference on machine learning},
  pages={276--284},
  year={2016},
  organization={PMLR}
}

@article{lu2019scaling,
  title={Scaling limit of the Stein variational gradient descent: The mean field regime},
  author={Lu, Jianfeng and Lu, Yulong and Nolen, James},
  journal={SIAM Journal on Mathematical Analysis},
  volume={51},
  number={2},
  pages={648--671},
  year={2019},
  publisher={SIAM}
}

@article{roeder2017sticking,
  title={Sticking the landing: Simple, lower-variance gradient estimators for variational inference},
  author={Roeder, Geoffrey and Wu, Yuhuai and Duvenaud, David K},
  journal={Advances in Neural Information Processing Systems},
  volume={30},
  year={2017}
}
@article{jacot2018neural,
  title={Neural tangent kernel: Convergence and generalization in neural networks},
  author={Jacot, Arthur and Gabriel, Franck and Hongler, Cl{\'e}ment},
  journal={Advances in neural information processing systems},
  volume={31},
  year={2018}
}